@article{bib:7,
  title={Борисов, В. В. Нечеткие модели и сети : учебное пособие / В. В. Борисов, В. В. Круглов, А. С. Федулов. [и др.]},
  journal={Москва : Горячая линия-Телеком},
  year={2018},
  pages={284}
}

@Misc{bib:2,
  howpublished = {Режим доступа: {URL: https://github.com/yudivian/fuzzython (дата обращения: 13.12.2023)}},
  title        = {Библиотека с алгоритмами нечёткой логики fuzzython [Электронный ресурс]},
}

@Misc{bib:14,
  howpublished = {Режим доступа: {URL: https://matplotlib.org (дата обращения: 13.12.2023)}},
  title        = {Библиотека визуализации данных matplotlib [Электронный ресурс]},
}
