@Misc{bib:mnist,
  howpublished = {Режим доступа: {URL: http://yann.lecun.com/exdb/mnist/ (дата обращения: 15.12.2023)}},
  title        = {База данных рукописных цифр MNIST [Электронный ресурс]},
}
@Misc{bib:pytorch,
  howpublished = {Режим доступа: {URL: https://pytorch.org (дата обращения: 15.12.2023)}},
  title        = {Фреймворк машинного обучения Pytorch},
}


@Misc{bib:14,
  howpublished = {Режим доступа: {URL: https://matplotlib.org (дата обращения: 13.12.2023)}},
  title        = {Библиотека визуализации данных matplotlib [Электронный ресурс]},
}
