@article{bib:7,
  title={Борисов, В. В. Нечеткие модели и сети : учебное пособие / В. В. Борисов, В. В. Круглов, А. С. Федулов. [и др.]},
  journal={Москва : Горячая линия-Телеком},
  year={2018},
  pages={284}
}

@article{bib:pyswarms,
    author  = {Lester James V. Miranda},
    title   = "{P}y{S}warms, a research-toolkit for {P}article {S}warm {O}ptimization in {P}ython",
    journal = {Journal of Open Source Software},
    year    = {2018},
    volume  = {3},
    issue   = {21},
    doi     = {10.21105/joss.00433},
    url     = {https://doi.org/10.21105/joss.00433}
}

@misc{bib:pygad,
      title={PyGAD: An Intuitive Genetic Algorithm Python Library},
      author={Ahmed Fawzy Gad},
      year={2021},
      eprint={2106.06158},
      archivePrefix={arXiv},
      primaryClass={cs.NE}
}

@Misc{bib:14,
  howpublished = {Режим доступа: {URL: https://matplotlib.org (дата обращения: 13.12.2023)}},
  title        = {Библиотека визуализации данных matplotlib [Электронный ресурс]},
}
