
@Misc{bib:11,
  howpublished = {Режим доступа: {URL: https://www3.sqlite.org/ (дата обращения: 20.04.2023)}},
  title        = {Система управления базами данных Sqlite [Электронный ресурс]},
}
@article{29n,
    title = {Министерство здравоохранения РФ Приказ N29н об утверждении порядка проведения обязательных предварительных и периодических медицинских осмотров работников},
    year = {2021}
}

@Misc{bib:rsa-lib,
  howpublished = {Режим доступа: {URL: https://pypi.org/project/rsa/ (дата обращения: 20.12.2023)}},
  title        = {Библиотека rsa [Электронный ресурс]},
}
