
@Misc{bib:finereader,
  howpublished = {Режим доступа: {URL: https://www.abbyy.com/en-gb/finereader (дата обращения: 19.12.2023)}},
  title        = {Библиотека распознавания текста на изображениях finereader [Электронный ресурс]},
}
@Misc{bib:tesseract,
  howpublished = {Режим доступа: {URL: https://github.com/tesseract-ocr/tesseract (дата обращения: 19.12.2023)}},
  title        = {Библиотека распознавания текста на изображениях tesseract [Электронный ресурс]},
}
@Misc{bib:easyocr,
  howpublished = {Режим доступа: {URL: https://github.com/JaidedAI/EasyOCR (дата обращения: 19.12.2023)}},
  title        = {Библиотека распознавания текста на изображениях EasyOCR [Электронный ресурс]},
}

@Misc{bib:opencv,
  howpublished = {Режим доступа: {URL: https://opencv.org (дата обращения: 19.12.2023)}},
  title        = {Библиотека обработки изображений opencv [Электронный ресурс]},
}

