@Misc{bib:1,
  howpublished = {Режим доступа: {URL: https://www.uml-diagrams.org (дата обращения: 09.09.2023)}},
  title        = {Стандарт UML [Электронный ресурс]},
}

@Misc{bib:2,
  howpublished = {Режим доступа: {URL: https://www.bpmn.org (дата обращения: 09.09.2023)}},
  title        = {Стандарт BPMN [Электронный ресурс]},
}
